@ARTICLE{1998AJ....116..322H,
   author = {{Henney}, W.~J. and {Arthur}, S.~J.},
    title = "{Modeling the Brightness Profiles of the Orion Proplyds}",
  journal = {\aj},
 keywords = {ISM: H II REGIONS, ISM: GLOBULES, ISM: INDIVIDUAL: MESSIER NUMBER: M42, STARS: INDIVIDUAL: CONSTELLATION NAME: THETA\^{}1 ORIONIS C, STARS: PRE-MAIN-SEQUENCE},
     year = 1998,
    month = jul,
   volume = 116,
    pages = {322-335},
      doi = {10.1086/300433},
   adsurl = {http://adsabs.harvard.edu/abs/1998AJ....116..322H},
  adsnote = {Provided by the SAO/NASA Astrophysics Data System}
}